@article{owen1995template,
  title     = {Search templates for gravitational waves from inspiraling binaries: Choice of template spacing},
  author    = {Benjamin J. Owen},
  journal   = {arXiv preprint gr-qc/9511032},
  year      = {1995},
  url       = {https://arxiv.org/abs/gr-qc/9511032},
  note      = {Submitted to Physical Review D: November 7, 1995}
}
@article{hoy2024multi,
  title     = {Incorporating multi-model uncertainty into gravitational-wave Bayesian inference},
  author    = {Charlie Hoy and Sarp AkcÌ§ay and Jake Mac Uilliam and Jonathan E. Thompson},
  journal   = {In preparation},
  year      = {2024},
  note      = {To be published},
  url       = {https://dcc.ligo.org/LIGO-T2000012/public},
  abstract  = {Inferring the properties of colliding black holes from gravitational-wave observations is subject to systematic errors arising from modeling uncertainties. In this work, we present a novel method to incorporate the accuracy of multiple models into gravitational-wave Bayesian analyses, reducing computational costs and improving parameter recovery.}
}
